<record><leader>01604cas a2200385   4500</leader><controlfield tag="001">000054431</controlfield><controlfield tag="003">MiAaHDL</controlfield><controlfield tag="005">20140827000000.0</controlfield><controlfield tag="006">m        d        </controlfield><controlfield tag="007">cr bn ---auaua</controlfield><controlfield tag="008">751101c18779999dcu x m       0   a0eng  </controlfield><datafield tag="010" ind1=" " ind2=" "><subfield code="a">   05026629 </subfield></datafield><datafield tag="012" ind1=" " ind2=" "><subfield code="a">3</subfield><subfield code="b">3</subfield><subfield code="e">n</subfield></datafield><datafield tag="019" ind1=" " ind2=" "><subfield code="a">870204</subfield><subfield code="a">1089422</subfield></datafield><datafield tag="022" ind1=" " ind2=" "><subfield code="a">0077-2933</subfield></datafield><datafield tag="030" ind1=" " ind2=" "><subfield code="a">BMNSAC</subfield></datafield><datafield tag="035" ind1=" " ind2=" "><subfield code="a">sdr-coo370991</subfield></datafield><datafield tag="035" ind1=" " ind2=" "><subfield code="a">sdr-hvd000133470</subfield></datafield><datafield tag="035" ind1=" " ind2=" "><subfield code="a">sdr-osu.b21805817</subfield></datafield><datafield tag="035" ind1=" " ind2=" "><subfield code="a">sdr-ucbk.b102758815</subfield></datafield><datafield tag="035" ind1=" " ind2=" "><subfield code="a">sdr-ucr991014166159704706</subfield></datafield><datafield tag="035" ind1=" " ind2=" "><subfield code="a">sdr-ucsd.991001885819706535</subfield></datafield><datafield tag="035" ind1=" " ind2=" "><subfield code="a">sdr-ucsd.b27222330</subfield></datafield><datafield tag="035" ind1=" " ind2=" "><subfield code="a">sdr-ucla33768</subfield></datafield><datafield tag="035" ind1=" " ind2=" "><subfield code="a">sdr-chi64290</subfield></datafield><datafield tag="035" ind1=" " ind2=" "><subfield code="a">sdr-miu.990000544310106381</subfield></datafield><datafield tag="035" ind1=" " ind2=" "><subfield code="a">sdr-uiuc3641619</subfield></datafield><datafield tag="035" ind1=" " ind2=" "><subfield code="a">(OCoLC)1759017</subfield></datafield><datafield tag="040" ind1=" " ind2=" "><subfield code="a">DLC</subfield><subfield code="c">MUL</subfield><subfield code="d">OCL</subfield><subfield code="d">NSD</subfield><subfield code="d">DLC</subfield><subfield code="d">NSD</subfield><subfield code="d">RCS</subfield><subfield code="d">OCL</subfield><subfield code="d">AIP</subfield><subfield code="d">AGL</subfield><subfield code="d">DLC</subfield><subfield code="d">NST</subfield><subfield code="d">HUL</subfield><subfield code="d">NST</subfield><subfield code="d">HUL</subfield><subfield code="d">OCL</subfield><subfield code="d">SYS</subfield><subfield code="d">IUL</subfield><subfield code="d">NLM</subfield><subfield code="d">OCLCQ</subfield><subfield code="d">IUL</subfield><subfield code="d">NLGGC</subfield><subfield code="d">CUV</subfield><subfield code="d">NZ1</subfield><subfield code="d">NIC</subfield></datafield><datafield tag="042" ind1=" " ind2=" "><subfield code="a">nsdp</subfield><subfield code="a">lc</subfield></datafield><datafield tag="043" ind1=" " ind2=" "><subfield code="a">n-us---</subfield></datafield><datafield tag="050" ind1="0" ind2="0"><subfield code="a">Q141</subfield><subfield code="b">.N2</subfield></datafield><datafield tag="110" ind1="2" ind2=" "><subfield code="a">National Academy of Sciences (U.S.)</subfield></datafield><datafield tag="210" ind1="0" ind2=" "><subfield code="a">Biogr. mem.</subfield></datafield><datafield tag="222" ind1="0" ind2="0"><subfield code="a">Biographical memoirs</subfield></datafield><datafield tag="245" ind1="1" ind2="0"><subfield code="a">Biographical memoirs.</subfield></datafield><datafield tag="260" ind1=" " ind2=" "><subfield code="a">Washington :</subfield><subfield code="b">National Academy of Sciences,</subfield><subfield code="c">1877-</subfield></datafield><datafield tag="300" ind1=" " ind2=" "><subfield code="a">v. :</subfield><subfield code="b">ill. ;</subfield><subfield code="c">24 cm.</subfield></datafield><datafield tag="310" ind1=" " ind2=" "><subfield code="a">Irregular</subfield></datafield><datafield tag="362" ind1="0" ind2=" "><subfield code="a">v. 1-   1877</subfield></datafield><datafield tag="500" ind1=" " ind2=" "><subfield code="a">List of papers contained in v. 1-9 is given in National Academy of Sciences.  Proceedings... Index... 1915-1924, 1926.</subfield></datafield><datafield tag="500" ind1=" " ind2=" "><subfield code="a">Each issue has also a distinctive title.</subfield></datafield><datafield tag="510" ind1="0" ind2=" "><subfield code="a">Chemical abstracts</subfield><subfield code="x">0009-2258</subfield></datafield><datafield tag="530" ind1=" " ind2=" "><subfield code="a">Also available online.</subfield></datafield><datafield tag="538" ind1=" " ind2=" "><subfield code="a">Mode of access: Internet.</subfield></datafield><datafield tag="555" ind1=" " ind2=" "><subfield code="a">Vols. 1-35, 1877-1961, in v. 36 (1962); v. 1-40, 1877-1969, in v. 40 (1969); v. 1-63, 1877-1994, in v. 63 (1994).</subfield></datafield><datafield tag="580" ind1=" " ind2=" "><subfield code="a">"V. 10-11 (of Biographical memoirs) will be found as volumes 17 and 21 respectively of the quarto Scientific memoir series."  Pref., v. 12.</subfield></datafield><datafield tag="650" ind1=" " ind2="0"><subfield code="a">Scientists</subfield><subfield code="z">United States</subfield></datafield><datafield tag="CID" ind1=" " ind2=" "><subfield code="a">000054431</subfield></datafield><datafield tag="DAT" ind1="0" ind2=" "><subfield code="a">20130313140336.0</subfield><subfield code="b">20140827000000.0</subfield></datafield><datafield tag="DAT" ind1="1" ind2=" "><subfield code="a">20140827090515.0</subfield><subfield code="b">2022-04-17T17:32:58Z</subfield></datafield><datafield tag="DAT" ind1="2" ind2=" "><subfield code="a">2022-04-17T17:30:02Z</subfield><subfield code="b">2018-06-15T22:30:02Z</subfield></datafield><datafield tag="CAT" ind1=" " ind2=" "><subfield code="a">SDR-COO</subfield><subfield code="d">UNKNOWN</subfield><subfield code="l">loader.pl-003-018</subfield></datafield><datafield tag="FMT" ind1=" " ind2=" "><subfield code="a">SE</subfield></datafield><datafield tag="HOL" ind1=" " ind2=" "><subfield code="0">sdr-coo370991</subfield><subfield code="a">coo</subfield><subfield code="b">SDR</subfield><subfield code="c">COO</subfield><subfield code="p">coo.31924101802027</subfield><subfield code="s">COO</subfield><subfield code="z">v.7-8 1913-1919</subfield><subfield code="1">370991</subfield></datafield><datafield tag="974" ind1=" " ind2=" "><subfield code="b">COO</subfield><subfield code="c">COO</subfield><subfield code="d">20220417</subfield><subfield code="s">google</subfield><subfield code="u">coo.31924101802027</subfield><subfield code="z">v.7-8 1913-1919</subfield><subfield code="y">1919</subfield><subfield code="r">pd</subfield><subfield code="q">bib</subfield><subfield code="t">US serial item date &lt; 1927</subfield></datafield><datafield tag="974" ind1=" " ind2=" "><subfield code="b">COO</subfield><subfield code="c">COO</subfield><subfield code="d">20220417</subfield><subfield code="s">google</subfield><subfield code="u">coo.31924106751849</subfield><subfield code="z">v.3-4 1895-1902</subfield><subfield code="y">1902</subfield><subfield code="r">pd</subfield><subfield code="q">bib</subfield><subfield code="t">US serial item date &lt; 1927</subfield></datafield><datafield tag="974" ind1=" " ind2=" "><subfield code="b">COO</subfield><subfield code="c">COO</subfield><subfield code="d">20220417</subfield><subfield code="s">google</subfield><subfield code="u">coo.31924106751856</subfield><subfield code="z">v.5-6 1905-1909</subfield><subfield code="y">1909</subfield><subfield code="r">pd</subfield><subfield code="q">bib</subfield><subfield code="t">US serial item date &lt; 1927</subfield></datafield><datafield tag="974" ind1=" " ind2=" "><subfield code="b">HVD</subfield><subfield code="c">HVD</subfield><subfield code="d">20200228</subfield><subfield code="s">google</subfield><subfield code="u">hvd.32044019269877</subfield><subfield code="z">v.1-2 (1877-86)</subfield><subfield code="y">1886</subfield><subfield code="r">pd</subfield><subfield code="q">bib</subfield><subfield code="t">US serial item date &lt; 1927</subfield></datafield><datafield tag="974" ind1=" " ind2=" "><subfield code="b">HVD</subfield><subfield code="c">HVD</subfield><subfield code="d">20200227</subfield><subfield code="s">google</subfield><subfield code="u">hvd.32044010389104</subfield><subfield code="z">v.7 (1913)</subfield><subfield code="y">1913</subfield><subfield code="r">pd</subfield><subfield code="q">bib</subfield><subfield code="t">US serial item date &lt; 1927</subfield></datafield><datafield tag="974" ind1=" " ind2=" "><subfield code="b">HVD</subfield><subfield code="c">HVD</subfield><subfield code="d">20200228</subfield><subfield code="s">google</subfield><subfield code="u">hvd.32044082499583</subfield><subfield code="z">v.3 (1895)</subfield><subfield code="y">1895</subfield><subfield code="r">pd</subfield><subfield code="q">bib</subfield><subfield code="t">US serial item date &lt; 1927</subfield></datafield><datafield tag="974" ind1=" " ind2=" "><subfield code="b">HVD</subfield><subfield code="c">HVD</subfield><subfield code="d">20200228</subfield><subfield code="s">google</subfield><subfield code="u">hvd.32044082499690</subfield><subfield code="z">v.5-6 (1905)</subfield><subfield code="y">1905</subfield><subfield code="r">pd</subfield><subfield code="q">bib</subfield><subfield code="t">US serial item date &lt; 1927</subfield></datafield><datafield tag="974" ind1=" " ind2=" "><subfield code="b">HVD</subfield><subfield code="c">HVD</subfield><subfield code="d">20200228</subfield><subfield code="s">google</subfield><subfield code="u">hvd.32044092781632</subfield><subfield code="z">v.8 (1919)</subfield><subfield code="y">1919</subfield><subfield code="r">pd</subfield><subfield code="q">bib</subfield><subfield code="t">US serial item date &lt; 1927</subfield></datafield><datafield tag="974" ind1=" " ind2=" "><subfield code="b">HVD</subfield><subfield code="c">HVD</subfield><subfield code="d">20200228</subfield><subfield code="s">google</subfield><subfield code="u">hvd.32044092781624</subfield><subfield code="z">v.9 (1919)</subfield><subfield code="y">1919</subfield><subfield code="r">pd</subfield><subfield code="q">bib</subfield><subfield code="t">US serial item date &lt; 1927</subfield></datafield><datafield tag="974" ind1=" " ind2=" "><subfield code="b">HVD</subfield><subfield code="c">HVD</subfield><subfield code="d">20200418</subfield><subfield code="s">google</subfield><subfield code="u">hvd.32044106267545</subfield><subfield code="z">v.1 (1877)</subfield><subfield code="y">1877</subfield><subfield code="r">pd</subfield><subfield code="q">bib</subfield><subfield code="t">US serial item date &lt; 1927</subfield></datafield><datafield tag="974" ind1=" " ind2=" "><subfield code="b">HVD</subfield><subfield code="c">HVD</subfield><subfield code="d">20200418</subfield><subfield code="s">google</subfield><subfield code="u">hvd.32044106370174</subfield><subfield code="z">v.4 (1902)</subfield><subfield code="y">1902</subfield><subfield code="r">pd</subfield><subfield code="q">bib</subfield><subfield code="t">US serial item date &lt; 1927</subfield></datafield><datafield tag="974" ind1=" " ind2=" "><subfield code="b">HVD</subfield><subfield code="c">HVD</subfield><subfield code="d">20200418</subfield><subfield code="s">google</subfield><subfield code="u">hvd.32044106267685</subfield><subfield code="z">v.9 (1919-1920)</subfield><subfield code="y">1920</subfield><subfield code="r">pd</subfield><subfield code="q">bib</subfield><subfield code="t">US serial item date &lt; 1927</subfield></datafield><datafield tag="974" ind1=" " ind2=" "><subfield code="b">HVD</subfield><subfield code="c">HVD</subfield><subfield code="d">20200418</subfield><subfield code="s">google</subfield><subfield code="u">hvd.32044106430291</subfield><subfield code="z">v.7 (1913)</subfield><subfield code="y">1913</subfield><subfield code="r">pd</subfield><subfield code="q">bib</subfield><subfield code="t">US serial item date &lt; 1927</subfield></datafield><datafield tag="974" ind1=" " ind2=" "><subfield code="b">HVD</subfield><subfield code="c">HVD</subfield><subfield code="d">20200418</subfield><subfield code="s">google</subfield><subfield code="u">hvd.32044106430309</subfield><subfield code="z">v.4 (1902)</subfield><subfield code="y">1902</subfield><subfield code="r">pd</subfield><subfield code="q">bib</subfield><subfield code="t">US serial item date &lt; 1927</subfield></datafield><datafield tag="974" ind1=" " ind2=" "><subfield code="b">HVD</subfield><subfield code="c">HVD</subfield><subfield code="d">20200418</subfield><subfield code="s">google</subfield><subfield code="u">hvd.32044106267594</subfield><subfield code="z">v.2 (1886)</subfield><subfield code="y">1886</subfield><subfield code="r">pd</subfield><subfield code="q">bib</subfield><subfield code="t">US serial item date &lt; 1927</subfield></datafield><datafield tag="974" ind1=" " ind2=" "><subfield code="b">HVD</subfield><subfield code="c">HVD</subfield><subfield code="d">20200321</subfield><subfield code="s">google</subfield><subfield code="u">hvd.32044106430333</subfield><subfield code="z">v.1 (1877)</subfield><subfield code="y">1877</subfield><subfield code="r">pd</subfield><subfield code="q">bib</subfield><subfield code="t">US serial item date &lt; 1927</subfield></datafield><datafield tag="974" ind1=" " ind2=" "><subfield code="b">HVD</subfield><subfield code="c">HVD</subfield><subfield code="d">20200418</subfield><subfield code="s">google</subfield><subfield code="u">hvd.32044106370166</subfield><subfield code="z">v.5 (1905)</subfield><subfield code="y">1905</subfield><subfield code="r">pd</subfield><subfield code="q">bib</subfield><subfield code="t">US serial item date &lt; 1927</subfield></datafield><datafield tag="974" ind1=" " ind2=" "><subfield code="b">HVD</subfield><subfield code="c">HVD</subfield><subfield code="d">20200418</subfield><subfield code="s">google</subfield><subfield code="u">hvd.32044106267552</subfield><subfield code="z">v.6 (1909)</subfield><subfield code="y">1909</subfield><subfield code="r">pd</subfield><subfield code="q">bib</subfield><subfield code="t">US serial item date &lt; 1927</subfield></datafield><datafield tag="974" ind1=" " ind2=" "><subfield code="b">HVD</subfield><subfield code="c">HVD</subfield><subfield code="d">20200418</subfield><subfield code="s">google</subfield><subfield code="u">hvd.32044106267560</subfield><subfield code="z">v.5 (1905)</subfield><subfield code="y">1905</subfield><subfield code="r">pd</subfield><subfield code="q">bib</subfield><subfield code="t">US serial item date &lt; 1927</subfield></datafield><datafield tag="974" ind1=" " ind2=" "><subfield code="b">HVD</subfield><subfield code="c">HVD</subfield><subfield code="d">20200321</subfield><subfield code="s">google</subfield><subfield code="u">hvd.32044106430317</subfield><subfield code="z">v.3 (1895)</subfield><subfield code="y">1895</subfield><subfield code="r">pd</subfield><subfield code="q">bib</subfield><subfield code="t">US serial item date &lt; 1927</subfield></datafield><datafield tag="974" ind1=" " ind2=" "><subfield code="b">HVD</subfield><subfield code="c">HVD</subfield><subfield code="d">20200321</subfield><subfield code="s">google</subfield><subfield code="u">hvd.32044106430325</subfield><subfield code="z">v.2 (1886)</subfield><subfield code="y">1886</subfield><subfield code="r">pd</subfield><subfield code="q">bib</subfield><subfield code="t">US serial item date &lt; 1927</subfield></datafield><datafield tag="974" ind1=" " ind2=" "><subfield code="b">HVD</subfield><subfield code="c">HVD</subfield><subfield code="d">20200418</subfield><subfield code="s">google</subfield><subfield code="u">hvd.32044106267586</subfield><subfield code="z">v.3 (1895)</subfield><subfield code="y">1895</subfield><subfield code="r">pd</subfield><subfield code="q">bib</subfield><subfield code="t">US serial item date &lt; 1927</subfield></datafield><datafield tag="974" ind1=" " ind2=" "><subfield code="b">HVD</subfield><subfield code="c">HVD</subfield><subfield code="d">20200321</subfield><subfield code="s">google</subfield><subfield code="u">hvd.32044106267578</subfield><subfield code="z">v.4 (1902)</subfield><subfield code="y">1902</subfield><subfield code="r">pd</subfield><subfield code="q">bib</subfield><subfield code="t">US serial item date &lt; 1927</subfield></datafield><datafield tag="974" ind1=" " ind2=" "><subfield code="b">HVD</subfield><subfield code="c">HVD</subfield><subfield code="d">20200418</subfield><subfield code="s">google</subfield><subfield code="u">hvd.32044106267669</subfield><subfield code="z">v.7 (1913)</subfield><subfield code="y">1913</subfield><subfield code="r">pd</subfield><subfield code="q">bib</subfield><subfield code="t">US serial item date &lt; 1927</subfield></datafield><datafield tag="974" ind1=" " ind2=" "><subfield code="b">HVD</subfield><subfield code="c">HVD</subfield><subfield code="d">20200418</subfield><subfield code="s">google</subfield><subfield code="u">hvd.32044106267677</subfield><subfield code="z">v.8 (1919)</subfield><subfield code="y">1919</subfield><subfield code="r">pd</subfield><subfield code="q">bib</subfield><subfield code="t">US serial item date &lt; 1927</subfield></datafield><datafield tag="974" ind1=" " ind2=" "><subfield code="b">OU</subfield><subfield code="c">OSU</subfield><subfield code="d">20190713</subfield><subfield code="s">google</subfield><subfield code="u">osu.32435066345059</subfield><subfield code="z">v.4 1896</subfield><subfield code="y">1896</subfield><subfield code="r">pd</subfield><subfield code="q">bib</subfield><subfield code="t">US serial item date &lt; 1927</subfield></datafield><datafield tag="974" ind1=" " ind2=" "><subfield code="b">OU</subfield><subfield code="c">OSU</subfield><subfield code="d">20190507</subfield><subfield code="s">google</subfield><subfield code="u">osu.32435066345455</subfield><subfield code="z">v.13 1929</subfield><subfield code="y">1929</subfield><subfield code="r">ic</subfield><subfield code="q">bib</subfield><subfield code="t">US serial item date &gt;= 1927</subfield></datafield><datafield tag="974" ind1=" " ind2=" "><subfield code="b">OU</subfield><subfield code="c">OSU</subfield><subfield code="d">20190507</subfield><subfield code="s">google</subfield><subfield code="u">osu.32435066345554</subfield><subfield code="z">v.15 1931</subfield><subfield code="y">1931</subfield><subfield code="r">ic</subfield><subfield code="q">bib</subfield><subfield code="t">US serial item date &gt;= 1927</subfield></datafield><datafield tag="974" ind1=" " ind2=" "><subfield code="b">OU</subfield><subfield code="c">OSU</subfield><subfield code="d">20180615</subfield><subfield code="s">google</subfield><subfield code="u">osu.32435021852538</subfield><subfield code="z">v.32</subfield><subfield code="r">und</subfield><subfield code="q">bib</subfield><subfield code="t">US bib date2 &gt;= 1927</subfield></datafield><datafield tag="974" ind1=" " ind2=" "><subfield code="b">UC</subfield><subfield code="c">UCBK</subfield><subfield code="d">20191030</subfield><subfield code="s">google</subfield><subfield code="u">uc1.b000918577</subfield><subfield code="z">v.26</subfield><subfield code="r">und</subfield><subfield code="q">bib</subfield><subfield code="t">US bib date2 &gt;= 1927</subfield></datafield><datafield tag="974" ind1=" " ind2=" "><subfield code="b">UC</subfield><subfield code="c">UCBK</subfield><subfield code="d">20190831</subfield><subfield code="s">google</subfield><subfield code="u">uc1.b000292154</subfield><subfield code="z">v.48</subfield><subfield code="r">und</subfield><subfield code="q">bib</subfield><subfield code="t">US bib date2 &gt;= 1927</subfield></datafield><datafield tag="974" ind1=" " ind2=" "><subfield code="b">UC</subfield><subfield code="c">UCR</subfield><subfield code="d">20181018</subfield><subfield code="s">google</subfield><subfield code="u">uc1.31210011055140</subfield><subfield code="z">pp.93-146 1907</subfield><subfield code="y">1907</subfield><subfield code="r">pd</subfield><subfield code="q">bib</subfield><subfield code="t">US serial item date &lt; 1927</subfield></datafield><datafield tag="974" ind1=" " ind2=" "><subfield code="b">UC</subfield><subfield code="c">UCR</subfield><subfield code="d">20181018</subfield><subfield code="s">google</subfield><subfield code="u">uc1.31210011055157</subfield><subfield code="z">v.6 Mar pp.329-361 1909</subfield><subfield code="y">1909</subfield><subfield code="r">pd</subfield><subfield code="q">bib</subfield><subfield code="t">US serial item date &lt; 1927</subfield></datafield><datafield tag="974" ind1=" " ind2=" "><subfield code="b">UC</subfield><subfield code="c">UCR</subfield><subfield code="d">20181018</subfield><subfield code="s">google</subfield><subfield code="u">uc1.31210011055165</subfield><subfield code="z">v.7 Apr 1910-Jul 1911 pp.25-243</subfield><subfield code="y">1911</subfield><subfield code="r">pd</subfield><subfield code="q">bib</subfield><subfield code="t">US serial item date &lt; 1927</subfield></datafield><datafield tag="974" ind1=" " ind2=" "><subfield code="b">UC</subfield><subfield code="c">UCR</subfield><subfield code="d">20181018</subfield><subfield code="s">google</subfield><subfield code="u">uc1.31210011055173</subfield><subfield code="z">v.7 Dec pp.309-334 1912</subfield><subfield code="y">1912</subfield><subfield code="r">pd</subfield><subfield code="q">bib</subfield><subfield code="t">US serial item date &lt; 1927</subfield></datafield><datafield tag="974" ind1=" " ind2=" "><subfield code="b">UC</subfield><subfield code="c">UCSD</subfield><subfield code="d">20220224</subfield><subfield code="s">google</subfield><subfield code="u">uc1.31822006535280</subfield><subfield code="z">v.18</subfield><subfield code="r">und</subfield><subfield code="q">bib</subfield><subfield code="t">US bib date2 &gt;= 1927</subfield></datafield><datafield tag="974" ind1=" " ind2=" "><subfield code="b">UC</subfield><subfield code="c">UCSD</subfield><subfield code="d">20220224</subfield><subfield code="s">google</subfield><subfield code="u">uc1.31822006839500</subfield><subfield code="z">v.21</subfield><subfield code="r">und</subfield><subfield code="q">bib</subfield><subfield code="t">US bib date2 &gt;= 1927</subfield></datafield><datafield tag="974" ind1=" " ind2=" "><subfield code="b">UC</subfield><subfield code="c">UCSD</subfield><subfield code="d">20220224</subfield><subfield code="s">google</subfield><subfield code="u">uc1.31822006839708</subfield><subfield code="z">v.15</subfield><subfield code="r">und</subfield><subfield code="q">bib</subfield><subfield code="t">US bib date2 &gt;= 1927</subfield></datafield><datafield tag="974" ind1=" " ind2=" "><subfield code="b">UC</subfield><subfield code="c">UCSD</subfield><subfield code="d">20220224</subfield><subfield code="s">google</subfield><subfield code="u">uc1.31822006843692</subfield><subfield code="z">v.17</subfield><subfield code="r">und</subfield><subfield code="q">bib</subfield><subfield code="t">US bib date2 &gt;= 1927</subfield></datafield><datafield tag="974" ind1=" " ind2=" "><subfield code="b">UC</subfield><subfield code="c">UCSD</subfield><subfield code="d">20220224</subfield><subfield code="s">google</subfield><subfield code="u">uc1.31822008867871</subfield><subfield code="z">v.19</subfield><subfield code="r">und</subfield><subfield code="q">bib</subfield><subfield code="t">US bib date2 &gt;= 1927</subfield></datafield><datafield tag="974" ind1=" " ind2=" "><subfield code="b">UC</subfield><subfield code="c">UCSD</subfield><subfield code="d">20220224</subfield><subfield code="s">google</subfield><subfield code="u">uc1.31822008915761</subfield><subfield code="z">v.27-28</subfield><subfield code="r">und</subfield><subfield code="q">bib</subfield><subfield code="t">US bib date2 &gt;= 1927</subfield></datafield><datafield tag="974" ind1=" " ind2=" "><subfield code="b">UC</subfield><subfield code="c">UCSD</subfield><subfield code="d">20220224</subfield><subfield code="s">google</subfield><subfield code="u">uc1.31822008918104</subfield><subfield code="z">v.26</subfield><subfield code="r">und</subfield><subfield code="q">bib</subfield><subfield code="t">US bib date2 &gt;= 1927</subfield></datafield><datafield tag="974" ind1=" " ind2=" "><subfield code="b">UC</subfield><subfield code="c">UCSD</subfield><subfield code="d">20220224</subfield><subfield code="s">google</subfield><subfield code="u">uc1.31822009178278</subfield><subfield code="z">v.23</subfield><subfield code="r">und</subfield><subfield code="q">bib</subfield><subfield code="t">US bib date2 &gt;= 1927</subfield></datafield><datafield tag="974" ind1=" " ind2=" "><subfield code="b">UC</subfield><subfield code="c">UCSD</subfield><subfield code="d">20220224</subfield><subfield code="s">google</subfield><subfield code="u">uc1.31822009178286</subfield><subfield code="z">v.20</subfield><subfield code="r">und</subfield><subfield code="q">bib</subfield><subfield code="t">US bib date2 &gt;= 1927</subfield></datafield><datafield tag="974" ind1=" " ind2=" "><subfield code="b">UC</subfield><subfield code="c">UCSD</subfield><subfield code="d">20220224</subfield><subfield code="s">google</subfield><subfield code="u">uc1.31822009178294</subfield><subfield code="z">v.16</subfield><subfield code="r">und</subfield><subfield code="q">bib</subfield><subfield code="t">US bib date2 &gt;= 1927</subfield></datafield><datafield tag="974" ind1=" " ind2=" "><subfield code="b">UC</subfield><subfield code="c">UCSD</subfield><subfield code="d">20201125</subfield><subfield code="s">google</subfield><subfield code="u">uc1.31822009178302</subfield><subfield code="z">v.8</subfield><subfield code="r">pdus</subfield><subfield code="q">gfv</subfield></datafield><datafield tag="974" ind1=" " ind2=" "><subfield code="b">UC</subfield><subfield code="c">UCSD</subfield><subfield code="d">20220224</subfield><subfield code="s">google</subfield><subfield code="u">uc1.31822009178336</subfield><subfield code="z">v.25</subfield><subfield code="r">und</subfield><subfield code="q">bib</subfield><subfield code="t">US bib date2 &gt;= 1927</subfield></datafield><datafield tag="974" ind1=" " ind2=" "><subfield code="b">UC</subfield><subfield code="c">UCSD</subfield><subfield code="d">20220224</subfield><subfield code="s">google</subfield><subfield code="u">uc1.31822009178344</subfield><subfield code="z">v.22</subfield><subfield code="r">und</subfield><subfield code="q">bib</subfield><subfield code="t">US bib date2 &gt;= 1927</subfield></datafield><datafield tag="974" ind1=" " ind2=" "><subfield code="b">UC</subfield><subfield code="c">UCSD</subfield><subfield code="d">20220224</subfield><subfield code="s">google</subfield><subfield code="u">uc1.31822009178351</subfield><subfield code="z">v.14</subfield><subfield code="r">und</subfield><subfield code="q">bib</subfield><subfield code="t">US bib date2 &gt;= 1927</subfield></datafield><datafield tag="974" ind1=" " ind2=" "><subfield code="b">UC</subfield><subfield code="c">UCSD</subfield><subfield code="d">20201125</subfield><subfield code="s">google</subfield><subfield code="u">uc1.31822009178369</subfield><subfield code="z">v.7</subfield><subfield code="r">pdus</subfield><subfield code="q">gfv</subfield></datafield><datafield tag="974" ind1=" " ind2=" "><subfield code="b">UC</subfield><subfield code="c">UCSD</subfield><subfield code="d">20220224</subfield><subfield code="s">google</subfield><subfield code="u">uc1.31822009178419</subfield><subfield code="z">v.13</subfield><subfield code="r">und</subfield><subfield code="q">bib</subfield><subfield code="t">US bib date2 &gt;= 1927</subfield></datafield><datafield tag="974" ind1=" " ind2=" "><subfield code="b">UC</subfield><subfield code="c">UCSD</subfield><subfield code="d">20201125</subfield><subfield code="s">google</subfield><subfield code="u">uc1.31822009178427</subfield><subfield code="z">v.5</subfield><subfield code="r">pdus</subfield><subfield code="q">gfv</subfield></datafield><datafield tag="974" ind1=" " ind2=" "><subfield code="b">UC</subfield><subfield code="c">UCSD</subfield><subfield code="d">20220224</subfield><subfield code="s">google</subfield><subfield code="u">uc1.31822022570758</subfield><subfield code="z">v.24</subfield><subfield code="r">und</subfield><subfield code="q">bib</subfield><subfield code="t">US bib date2 &gt;= 1927</subfield></datafield><datafield tag="974" ind1=" " ind2=" "><subfield code="b">UC</subfield><subfield code="c">UCSD</subfield><subfield code="d">20220224</subfield><subfield code="s">google</subfield><subfield code="u">uc1.31822022707376</subfield><subfield code="z">v.69</subfield><subfield code="r">und</subfield><subfield code="q">bib</subfield><subfield code="t">US bib date2 &gt;= 1927</subfield></datafield><datafield tag="974" ind1=" " ind2=" "><subfield code="b">UC</subfield><subfield code="c">UCSD</subfield><subfield code="d">20220224</subfield><subfield code="s">google</subfield><subfield code="u">uc1.31822028307635</subfield><subfield code="z">v.32</subfield><subfield code="r">und</subfield><subfield code="q">bib</subfield><subfield code="t">US bib date2 &gt;= 1927</subfield></datafield><datafield tag="974" ind1=" " ind2=" "><subfield code="b">UC</subfield><subfield code="c">UCSD</subfield><subfield code="d">20220224</subfield><subfield code="s">google</subfield><subfield code="u">uc1.31822028307700</subfield><subfield code="z">v.39</subfield><subfield code="r">und</subfield><subfield code="q">bib</subfield><subfield code="t">US bib date2 &gt;= 1927</subfield></datafield><datafield tag="974" ind1=" " ind2=" "><subfield code="b">UC</subfield><subfield code="c">UCSD</subfield><subfield code="d">20220224</subfield><subfield code="s">google</subfield><subfield code="u">uc1.31822028308146</subfield><subfield code="z">v.48</subfield><subfield code="r">und</subfield><subfield code="q">bib</subfield><subfield code="t">US bib date2 &gt;= 1927</subfield></datafield><datafield tag="974" ind1=" " ind2=" "><subfield code="b">UC</subfield><subfield code="c">UCSD</subfield><subfield code="d">20220224</subfield><subfield code="s">google</subfield><subfield code="u">uc1.31822028308179</subfield><subfield code="z">v.65</subfield><subfield code="r">und</subfield><subfield code="q">bib</subfield><subfield code="t">US bib date2 &gt;= 1927</subfield></datafield><datafield tag="974" ind1=" " ind2=" "><subfield code="b">UC</subfield><subfield code="c">UCSD</subfield><subfield code="d">20220224</subfield><subfield code="s">google</subfield><subfield code="u">uc1.31822028308187</subfield><subfield code="z">v.73</subfield><subfield code="r">und</subfield><subfield code="q">bib</subfield><subfield code="t">US bib date2 &gt;= 1927</subfield></datafield><datafield tag="974" ind1=" " ind2=" "><subfield code="b">UC</subfield><subfield code="c">UCSD</subfield><subfield code="d">20220224</subfield><subfield code="s">google</subfield><subfield code="u">uc1.31822028308195</subfield><subfield code="z">v.43</subfield><subfield code="r">und</subfield><subfield code="q">bib</subfield><subfield code="t">US bib date2 &gt;= 1927</subfield></datafield><datafield tag="974" ind1=" " ind2=" "><subfield code="b">UC</subfield><subfield code="c">UCSD</subfield><subfield code="d">20220224</subfield><subfield code="s">google</subfield><subfield code="u">uc1.31822028308252</subfield><subfield code="z">v.44</subfield><subfield code="r">und</subfield><subfield code="q">bib</subfield><subfield code="t">US bib date2 &gt;= 1927</subfield></datafield><datafield tag="974" ind1=" " ind2=" "><subfield code="b">UC</subfield><subfield code="c">UCSD</subfield><subfield code="d">20220224</subfield><subfield code="s">google</subfield><subfield code="u">uc1.31822028308278</subfield><subfield code="z">v.56</subfield><subfield code="r">und</subfield><subfield code="q">bib</subfield><subfield code="t">US bib date2 &gt;= 1927</subfield></datafield><datafield tag="974" ind1=" " ind2=" "><subfield code="b">UC</subfield><subfield code="c">UCSD</subfield><subfield code="d">20220224</subfield><subfield code="s">google</subfield><subfield code="u">uc1.31822028308286</subfield><subfield code="z">v.61</subfield><subfield code="r">und</subfield><subfield code="q">bib</subfield><subfield code="t">US bib date2 &gt;= 1927</subfield></datafield><datafield tag="974" ind1=" " ind2=" "><subfield code="b">UC</subfield><subfield code="c">UCSD</subfield><subfield code="d">20220224</subfield><subfield code="s">google</subfield><subfield code="u">uc1.31822028308328</subfield><subfield code="z">v.51</subfield><subfield code="r">und</subfield><subfield code="q">bib</subfield><subfield code="t">US bib date2 &gt;= 1927</subfield></datafield><datafield tag="974" ind1=" " ind2=" "><subfield code="b">UC</subfield><subfield code="c">UCSD</subfield><subfield code="d">20220224</subfield><subfield code="s">google</subfield><subfield code="u">uc1.31822028308385</subfield><subfield code="z">v.52</subfield><subfield code="r">und</subfield><subfield code="q">bib</subfield><subfield code="t">US bib date2 &gt;= 1927</subfield></datafield><datafield tag="974" ind1=" " ind2=" "><subfield code="b">UC</subfield><subfield code="c">UCSD</subfield><subfield code="d">20220224</subfield><subfield code="s">google</subfield><subfield code="u">uc1.31822028308401</subfield><subfield code="z">v.63</subfield><subfield code="r">und</subfield><subfield code="q">bib</subfield><subfield code="t">US bib date2 &gt;= 1927</subfield></datafield><datafield tag="974" ind1=" " ind2=" "><subfield code="b">UC</subfield><subfield code="c">UCSD</subfield><subfield code="d">20220224</subfield><subfield code="s">google</subfield><subfield code="u">uc1.31822028308419</subfield><subfield code="z">v.71</subfield><subfield code="r">und</subfield><subfield code="q">bib</subfield><subfield code="t">US bib date2 &gt;= 1927</subfield></datafield><datafield tag="974" ind1=" " ind2=" "><subfield code="b">UC</subfield><subfield code="c">UCSD</subfield><subfield code="d">20220224</subfield><subfield code="s">google</subfield><subfield code="u">uc1.31822028308443</subfield><subfield code="z">v.53</subfield><subfield code="r">und</subfield><subfield code="q">bib</subfield><subfield code="t">US bib date2 &gt;= 1927</subfield></datafield><datafield tag="974" ind1=" " ind2=" "><subfield code="b">UC</subfield><subfield code="c">UCSD</subfield><subfield code="d">20220224</subfield><subfield code="s">google</subfield><subfield code="u">uc1.31822028308468</subfield><subfield code="z">v.64</subfield><subfield code="r">und</subfield><subfield code="q">bib</subfield><subfield code="t">US bib date2 &gt;= 1927</subfield></datafield><datafield tag="974" ind1=" " ind2=" "><subfield code="b">UC</subfield><subfield code="c">UCSD</subfield><subfield code="d">20220224</subfield><subfield code="s">google</subfield><subfield code="u">uc1.31822028308476</subfield><subfield code="z">v.72</subfield><subfield code="r">und</subfield><subfield code="q">bib</subfield><subfield code="t">US bib date2 &gt;= 1927</subfield></datafield><datafield tag="974" ind1=" " ind2=" "><subfield code="b">UC</subfield><subfield code="c">UCSD</subfield><subfield code="d">20220224</subfield><subfield code="s">google</subfield><subfield code="u">uc1.31822033903402</subfield><subfield code="z">v.85</subfield><subfield code="r">und</subfield><subfield code="q">bib</subfield><subfield code="t">US bib date2 &gt;= 1927</subfield></datafield><datafield tag="974" ind1=" " ind2=" "><subfield code="b">UC</subfield><subfield code="c">UCSD</subfield><subfield code="d">20220224</subfield><subfield code="s">google</subfield><subfield code="u">uc1.31822037838695</subfield><subfield code="z">v.87</subfield><subfield code="r">und</subfield><subfield code="q">bib</subfield><subfield code="t">US bib date2 &gt;= 1927</subfield></datafield><datafield tag="974" ind1=" " ind2=" "><subfield code="b">UC</subfield><subfield code="c">UCSD</subfield><subfield code="d">20220224</subfield><subfield code="s">google</subfield><subfield code="u">uc1.31822037838703</subfield><subfield code="z">v.88</subfield><subfield code="r">und</subfield><subfield code="q">bib</subfield><subfield code="t">US bib date2 &gt;= 1927</subfield></datafield><datafield tag="974" ind1=" " ind2=" "><subfield code="b">UC</subfield><subfield code="c">UCSD</subfield><subfield code="d">20220224</subfield><subfield code="s">google</subfield><subfield code="u">uc1.31822037839610</subfield><subfield code="z">v.89</subfield><subfield code="r">und</subfield><subfield code="q">bib</subfield><subfield code="t">US bib date2 &gt;= 1927</subfield></datafield><datafield tag="974" ind1=" " ind2=" "><subfield code="b">UC</subfield><subfield code="c">UCSD</subfield><subfield code="d">20220224</subfield><subfield code="s">google</subfield><subfield code="u">uc1.31822037839628</subfield><subfield code="z">v.90</subfield><subfield code="r">und</subfield><subfield code="q">bib</subfield><subfield code="t">US bib date2 &gt;= 1927</subfield></datafield><datafield tag="974" ind1=" " ind2=" "><subfield code="b">UC</subfield><subfield code="c">UCSD</subfield><subfield code="d">20220224</subfield><subfield code="s">google</subfield><subfield code="u">uc1.31822042883942</subfield><subfield code="z">v.86</subfield><subfield code="r">und</subfield><subfield code="q">bib</subfield><subfield code="t">US bib date2 &gt;= 1927</subfield></datafield><datafield tag="974" ind1=" " ind2=" "><subfield code="b">UC</subfield><subfield code="c">UCBK</subfield><subfield code="d">20201231</subfield><subfield code="s">google</subfield><subfield code="u">uc1.b000292115</subfield><subfield code="z">v.39</subfield><subfield code="r">und</subfield><subfield code="q">bib</subfield><subfield code="t">US bib date2 &gt;= 1927</subfield></datafield><datafield tag="974" ind1=" " ind2=" "><subfield code="b">UC</subfield><subfield code="c">UCBK</subfield><subfield code="d">20201231</subfield><subfield code="s">google</subfield><subfield code="u">uc1.b000292119</subfield><subfield code="z">v.43</subfield><subfield code="r">und</subfield><subfield code="q">bib</subfield><subfield code="t">US bib date2 &gt;= 1927</subfield></datafield><datafield tag="974" ind1=" " ind2=" "><subfield code="b">UC</subfield><subfield code="c">UCBK</subfield><subfield code="d">20201231</subfield><subfield code="s">google</subfield><subfield code="u">uc1.b000292150</subfield><subfield code="z">v.44</subfield><subfield code="r">und</subfield><subfield code="q">bib</subfield><subfield code="t">US bib date2 &gt;= 1927</subfield></datafield><datafield tag="974" ind1=" " ind2=" "><subfield code="b">UC</subfield><subfield code="c">UCSD</subfield><subfield code="d">20220224</subfield><subfield code="s">google</subfield><subfield code="u">uc1.31822028307528</subfield><subfield code="z">v.36</subfield><subfield code="r">und</subfield><subfield code="q">bib</subfield><subfield code="t">US bib date2 &gt;= 1927</subfield></datafield><datafield tag="974" ind1=" " ind2=" "><subfield code="b">UC</subfield><subfield code="c">UCSD</subfield><subfield code="d">20220224</subfield><subfield code="s">google</subfield><subfield code="u">uc1.31822028307767</subfield><subfield code="z">v.40</subfield><subfield code="r">und</subfield><subfield code="q">bib</subfield><subfield code="t">US bib date2 &gt;= 1927</subfield></datafield><datafield tag="974" ind1=" " ind2=" "><subfield code="b">UC</subfield><subfield code="c">UCSD</subfield><subfield code="d">20220224</subfield><subfield code="s">google</subfield><subfield code="u">uc1.31822028308138</subfield><subfield code="z">v.42</subfield><subfield code="r">und</subfield><subfield code="q">bib</subfield><subfield code="t">US bib date2 &gt;= 1927</subfield></datafield><datafield tag="974" ind1=" " ind2=" "><subfield code="b">UC</subfield><subfield code="c">UCSD</subfield><subfield code="d">20220224</subfield><subfield code="s">google</subfield><subfield code="u">uc1.31822028308260</subfield><subfield code="z">v.50</subfield><subfield code="r">und</subfield><subfield code="q">bib</subfield><subfield code="t">US bib date2 &gt;= 1927</subfield></datafield><datafield tag="974" ind1=" " ind2=" "><subfield code="b">UC</subfield><subfield code="c">UCSD</subfield><subfield code="d">20190126</subfield><subfield code="s">google</subfield><subfield code="u">uc1.31822017958406</subfield><subfield code="z">v.51</subfield><subfield code="r">und</subfield><subfield code="q">bib</subfield><subfield code="t">US bib date2 &gt;= 1927</subfield></datafield><datafield tag="974" ind1=" " ind2=" "><subfield code="b">UC</subfield><subfield code="c">UCSD</subfield><subfield code="d">20220224</subfield><subfield code="s">google</subfield><subfield code="u">uc1.31822008106155</subfield><subfield code="z">v.41</subfield><subfield code="r">und</subfield><subfield code="q">bib</subfield><subfield code="t">US bib date2 &gt;= 1927</subfield></datafield><datafield tag="974" ind1=" " ind2=" "><subfield code="b">UC</subfield><subfield code="c">UCLA</subfield><subfield code="d">20190929</subfield><subfield code="s">google</subfield><subfield code="u">uc1.31158011835740</subfield><subfield code="z">v.03-4</subfield><subfield code="r">pdus</subfield><subfield code="q">gfv</subfield></datafield><datafield tag="974" ind1=" " ind2=" "><subfield code="b">UC</subfield><subfield code="c">UCR</subfield><subfield code="d">20190808</subfield><subfield code="s">google</subfield><subfield code="u">uc1.31210011055207</subfield><subfield code="z">v.23 6th memoir 1944</subfield><subfield code="y">1944</subfield><subfield code="r">ic</subfield><subfield code="q">bib</subfield><subfield code="t">US serial item date &gt;= 1927</subfield></datafield><datafield tag="974" ind1=" " ind2=" "><subfield code="b">UC</subfield><subfield code="c">UCR</subfield><subfield code="d">20190808</subfield><subfield code="s">google</subfield><subfield code="u">uc1.31210011055215</subfield><subfield code="z">v.26 6th memoir 1949</subfield><subfield code="y">1949</subfield><subfield code="r">ic</subfield><subfield code="q">bib</subfield><subfield code="t">US serial item date &gt;= 1927</subfield></datafield><datafield tag="974" ind1=" " ind2=" "><subfield code="b">UC</subfield><subfield code="c">UCR</subfield><subfield code="d">20190808</subfield><subfield code="s">google</subfield><subfield code="u">uc1.31210011055223</subfield><subfield code="z">v.26 8th-10th memoir 1950</subfield><subfield code="y">1950</subfield><subfield code="r">ic</subfield><subfield code="q">bib</subfield><subfield code="t">US serial item date &gt;= 1927</subfield></datafield><datafield tag="974" ind1=" " ind2=" "><subfield code="b">UC</subfield><subfield code="c">UCBK</subfield><subfield code="d">20190831</subfield><subfield code="s">google</subfield><subfield code="u">uc1.b000292474</subfield><subfield code="z">v.13</subfield><subfield code="r">und</subfield><subfield code="q">bib</subfield><subfield code="t">US bib date2 &gt;= 1927</subfield></datafield><datafield tag="974" ind1=" " ind2=" "><subfield code="b">UC</subfield><subfield code="c">UCBK</subfield><subfield code="d">20190831</subfield><subfield code="s">google</subfield><subfield code="u">uc1.b000292475</subfield><subfield code="z">v.14</subfield><subfield code="r">und</subfield><subfield code="q">bib</subfield><subfield code="t">US bib date2 &gt;= 1927</subfield></datafield><datafield tag="974" ind1=" " ind2=" "><subfield code="b">UC</subfield><subfield code="c">UCBK</subfield><subfield code="d">20190831</subfield><subfield code="s">google</subfield><subfield code="u">uc1.b000292476</subfield><subfield code="z">v.15</subfield><subfield code="r">und</subfield><subfield code="q">bib</subfield><subfield code="t">US bib date2 &gt;= 1927</subfield></datafield><datafield tag="974" ind1=" " ind2=" "><subfield code="b">UC</subfield><subfield code="c">UCBK</subfield><subfield code="d">20190831</subfield><subfield code="s">google</subfield><subfield code="u">uc1.b000295000</subfield><subfield code="z">v.16</subfield><subfield code="r">und</subfield><subfield code="q">bib</subfield><subfield code="t">US bib date2 &gt;= 1927</subfield></datafield><datafield tag="974" ind1=" " ind2=" "><subfield code="b">UC</subfield><subfield code="c">UCBK</subfield><subfield code="d">20190831</subfield><subfield code="s">google</subfield><subfield code="u">uc1.b000295001</subfield><subfield code="z">v.17</subfield><subfield code="r">und</subfield><subfield code="q">bib</subfield><subfield code="t">US bib date2 &gt;= 1927</subfield></datafield><datafield tag="974" ind1=" " ind2=" "><subfield code="b">UC</subfield><subfield code="c">UCBK</subfield><subfield code="d">20190831</subfield><subfield code="s">google</subfield><subfield code="u">uc1.b000295002</subfield><subfield code="z">v.18</subfield><subfield code="r">und</subfield><subfield code="q">bib</subfield><subfield code="t">US bib date2 &gt;= 1927</subfield></datafield><datafield tag="974" ind1=" " ind2=" "><subfield code="b">UC</subfield><subfield code="c">UCBK</subfield><subfield code="d">20190831</subfield><subfield code="s">google</subfield><subfield code="u">uc1.b000295003</subfield><subfield code="z">v.19-20</subfield><subfield code="r">und</subfield><subfield code="q">bib</subfield><subfield code="t">US bib date2 &gt;= 1927</subfield></datafield><datafield tag="974" ind1=" " ind2=" "><subfield code="b">UC</subfield><subfield code="c">UCBK</subfield><subfield code="d">20190831</subfield><subfield code="s">google</subfield><subfield code="u">uc1.b000737167</subfield><subfield code="z">v.21</subfield><subfield code="r">und</subfield><subfield code="q">bib</subfield><subfield code="t">US bib date2 &gt;= 1927</subfield></datafield><datafield tag="974" ind1=" " ind2=" "><subfield code="b">UC</subfield><subfield code="c">UCBK</subfield><subfield code="d">20191030</subfield><subfield code="s">google</subfield><subfield code="u">uc1.b000295004</subfield><subfield code="z">v.22</subfield><subfield code="r">und</subfield><subfield code="q">bib</subfield><subfield code="t">US bib date2 &gt;= 1927</subfield></datafield><datafield tag="974" ind1=" " ind2=" "><subfield code="b">UC</subfield><subfield code="c">UCBK</subfield><subfield code="d">20191030</subfield><subfield code="s">google</subfield><subfield code="u">uc1.b000295005</subfield><subfield code="z">v.23</subfield><subfield code="r">und</subfield><subfield code="q">bib</subfield><subfield code="t">US bib date2 &gt;= 1927</subfield></datafield><datafield tag="974" ind1=" " ind2=" "><subfield code="b">UC</subfield><subfield code="c">UCBK</subfield><subfield code="d">20191030</subfield><subfield code="s">google</subfield><subfield code="u">uc1.b000972048</subfield><subfield code="z">v.24</subfield><subfield code="r">und</subfield><subfield code="q">bib</subfield><subfield code="t">US bib date2 &gt;= 1927</subfield></datafield><datafield tag="974" ind1=" " ind2=" "><subfield code="b">UC</subfield><subfield code="c">UCBK</subfield><subfield code="d">20190831</subfield><subfield code="s">google</subfield><subfield code="u">uc1.b000292112</subfield><subfield code="z">v.36</subfield><subfield code="r">und</subfield><subfield code="q">bib</subfield><subfield code="t">US bib date2 &gt;= 1927</subfield></datafield><datafield tag="974" ind1=" " ind2=" "><subfield code="b">UC</subfield><subfield code="c">UCBK</subfield><subfield code="d">20191030</subfield><subfield code="s">google</subfield><subfield code="u">uc1.b000292468</subfield><subfield code="z">v.4</subfield><subfield code="r">pdus</subfield><subfield code="q">gfv</subfield></datafield><datafield tag="974" ind1=" " ind2=" "><subfield code="b">UC</subfield><subfield code="c">UCBK</subfield><subfield code="d">20190831</subfield><subfield code="s">google</subfield><subfield code="u">uc1.b000292118</subfield><subfield code="z">v.42</subfield><subfield code="r">und</subfield><subfield code="q">bib</subfield><subfield code="t">US bib date2 &gt;= 1927</subfield></datafield><datafield tag="974" ind1=" " ind2=" "><subfield code="b">UC</subfield><subfield code="c">UCBK</subfield><subfield code="d">20191029</subfield><subfield code="s">google</subfield><subfield code="u">uc1.c049746233</subfield><subfield code="z">v.5</subfield><subfield code="r">pdus</subfield><subfield code="q">gfv</subfield></datafield><datafield tag="974" ind1=" " ind2=" "><subfield code="b">UC</subfield><subfield code="c">UCBK</subfield><subfield code="d">20190831</subfield><subfield code="s">google</subfield><subfield code="u">uc1.b000292155</subfield><subfield code="z">v.50</subfield><subfield code="r">und</subfield><subfield code="q">bib</subfield><subfield code="t">US bib date2 &gt;= 1927</subfield></datafield><datafield tag="974" ind1=" " ind2=" "><subfield code="b">UC</subfield><subfield code="c">UCBK</subfield><subfield code="d">20191029</subfield><subfield code="s">google</subfield><subfield code="u">uc1.b000974295</subfield><subfield code="z">v.6</subfield><subfield code="r">pdus</subfield><subfield code="q">gfv</subfield></datafield><datafield tag="974" ind1=" " ind2=" "><subfield code="b">UC</subfield><subfield code="c">UCBK</subfield><subfield code="d">20191029</subfield><subfield code="s">google</subfield><subfield code="u">uc1.b000292470</subfield><subfield code="z">v.7</subfield><subfield code="r">pdus</subfield><subfield code="q">gfv</subfield></datafield><datafield tag="974" ind1=" " ind2=" "><subfield code="b">UC</subfield><subfield code="c">UCBK</subfield><subfield code="d">20191029</subfield><subfield code="s">google</subfield><subfield code="u">uc1.b000292471</subfield><subfield code="z">v.8</subfield><subfield code="r">pdus</subfield><subfield code="q">gfv</subfield></datafield><datafield tag="974" ind1=" " ind2=" "><subfield code="b">UC</subfield><subfield code="c">UCBK</subfield><subfield code="d">20191030</subfield><subfield code="s">google</subfield><subfield code="u">uc1.b000292472</subfield><subfield code="z">v.9</subfield><subfield code="r">pdus</subfield><subfield code="q">gfv</subfield></datafield><datafield tag="974" ind1=" " ind2=" "><subfield code="b">UC</subfield><subfield code="c">UCBK</subfield><subfield code="d">20191030</subfield><subfield code="s">google</subfield><subfield code="u">uc1.c097652856</subfield><subfield code="z">v.91</subfield><subfield code="r">und</subfield><subfield code="q">bib</subfield><subfield code="t">US bib date2 &gt;= 1927</subfield></datafield><datafield tag="974" ind1=" " ind2=" "><subfield code="b">CHI</subfield><subfield code="c">CHI</subfield><subfield code="d">20200811</subfield><subfield code="s">google</subfield><subfield code="u">chi.34047588</subfield><subfield code="z">c.1 v.21-22</subfield><subfield code="r">und</subfield><subfield code="q">bib</subfield><subfield code="t">US bib date2 &gt;= 1927</subfield></datafield><datafield tag="974" ind1=" " ind2=" "><subfield code="b">MIU</subfield><subfield code="c">MIU</subfield><subfield code="d">20220211</subfield><subfield code="s">lit-dlps-dc</subfield><subfield code="u">miua.0054431.0010.001</subfield><subfield code="z">0010.001</subfield><subfield code="r">und</subfield><subfield code="q">bib</subfield><subfield code="t">US bib date2 &gt;= 1927</subfield></datafield><datafield tag="974" ind1=" " ind2=" "><subfield code="b">MIU</subfield><subfield code="c">MIU</subfield><subfield code="d">20220211</subfield><subfield code="s">lit-dlps-dc</subfield><subfield code="u">miua.0054431.0001.001</subfield><subfield code="z">v.1 1877</subfield><subfield code="y">1877</subfield><subfield code="r">pd</subfield><subfield code="q">bib</subfield><subfield code="t">US serial item date &lt; 1927</subfield></datafield><datafield tag="974" ind1=" " ind2=" "><subfield code="b">MIU</subfield><subfield code="c">MIU</subfield><subfield code="d">20220211</subfield><subfield code="s">lit-dlps-dc</subfield><subfield code="u">miua.0054431.0002.001</subfield><subfield code="z">v.2 1886</subfield><subfield code="y">1886</subfield><subfield code="r">pd</subfield><subfield code="q">bib</subfield><subfield code="t">US serial item date &lt; 1927</subfield></datafield><datafield tag="974" ind1=" " ind2=" "><subfield code="b">MIU</subfield><subfield code="c">MIU</subfield><subfield code="d">20220211</subfield><subfield code="s">lit-dlps-dc</subfield><subfield code="u">miua.0054431.0003.001</subfield><subfield code="z">v.3 1895</subfield><subfield code="y">1895</subfield><subfield code="r">pd</subfield><subfield code="q">bib</subfield><subfield code="t">US serial item date &lt; 1927</subfield></datafield><datafield tag="974" ind1=" " ind2=" "><subfield code="b">MIU</subfield><subfield code="c">MIU</subfield><subfield code="d">20220211</subfield><subfield code="s">lit-dlps-dc</subfield><subfield code="u">miua.0054431.0004.001</subfield><subfield code="z">v.4 1902</subfield><subfield code="y">1902</subfield><subfield code="r">pd</subfield><subfield code="q">bib</subfield><subfield code="t">US serial item date &lt; 1927</subfield></datafield><datafield tag="974" ind1=" " ind2=" "><subfield code="b">MIU</subfield><subfield code="c">MIU</subfield><subfield code="d">20220211</subfield><subfield code="s">lit-dlps-dc</subfield><subfield code="u">miua.0054431.0005.001</subfield><subfield code="z">v.5 1905</subfield><subfield code="y">1905</subfield><subfield code="r">pd</subfield><subfield code="q">bib</subfield><subfield code="t">US serial item date &lt; 1927</subfield></datafield><datafield tag="974" ind1=" " ind2=" "><subfield code="b">MIU</subfield><subfield code="c">MIU</subfield><subfield code="d">20220211</subfield><subfield code="s">lit-dlps-dc</subfield><subfield code="u">miua.0054431.0006.001</subfield><subfield code="z">v.6 1909</subfield><subfield code="y">1909</subfield><subfield code="r">pd</subfield><subfield code="q">bib</subfield><subfield code="t">US serial item date &lt; 1927</subfield></datafield><datafield tag="974" ind1=" " ind2=" "><subfield code="b">MIU</subfield><subfield code="c">MIU</subfield><subfield code="d">20220211</subfield><subfield code="s">lit-dlps-dc</subfield><subfield code="u">miua.0054431.0008.001</subfield><subfield code="z">v.8 1919</subfield><subfield code="y">1919</subfield><subfield code="r">pd</subfield><subfield code="q">bib</subfield><subfield code="t">US serial item date &lt; 1927</subfield></datafield><datafield tag="974" ind1=" " ind2=" "><subfield code="b">MIU</subfield><subfield code="c">MIU</subfield><subfield code="d">20220211</subfield><subfield code="s">lit-dlps-dc</subfield><subfield code="u">miua.0054431.0011.001</subfield><subfield code="z">v.21 1922</subfield><subfield code="y">1922</subfield><subfield code="r">pd</subfield><subfield code="q">bib</subfield><subfield code="t">US serial item date &lt; 1927</subfield></datafield><datafield tag="974" ind1=" " ind2=" "><subfield code="b">MIU</subfield><subfield code="c">MIU</subfield><subfield code="d">20220211</subfield><subfield code="s">lit-dlps-dc</subfield><subfield code="u">miua.0054431.0012.001</subfield><subfield code="z">0012.001</subfield><subfield code="r">und</subfield><subfield code="q">bib</subfield><subfield code="t">US bib date2 &gt;= 1927</subfield></datafield><datafield tag="974" ind1=" " ind2=" "><subfield code="b">MIU</subfield><subfield code="c">MIU</subfield><subfield code="d">20220211</subfield><subfield code="s">lit-dlps-dc</subfield><subfield code="u">miua.0054431.0007.001</subfield><subfield code="z">0007.001</subfield><subfield code="r">und</subfield><subfield code="q">bib</subfield><subfield code="t">US bib date2 &gt;= 1927</subfield></datafield><datafield tag="974" ind1=" " ind2=" "><subfield code="b">MIU</subfield><subfield code="c">MIU</subfield><subfield code="d">20220211</subfield><subfield code="s">lit-dlps-dc</subfield><subfield code="u">miua.0054431.0009.001</subfield><subfield code="z">0009.001</subfield><subfield code="r">und</subfield><subfield code="q">bib</subfield><subfield code="t">US bib date2 &gt;= 1927</subfield></datafield><datafield tag="974" ind1=" " ind2=" "><subfield code="b">MIU</subfield><subfield code="c">MIU</subfield><subfield code="d">20220314</subfield><subfield code="s">google</subfield><subfield code="u">mdp.39015005401800</subfield><subfield code="z">v.30 1957</subfield><subfield code="y">1957</subfield><subfield code="r">ic</subfield><subfield code="q">bib</subfield><subfield code="t">US serial item date &gt;= 1927</subfield></datafield><datafield tag="974" ind1=" " ind2=" "><subfield code="b">MIU</subfield><subfield code="c">MIU</subfield><subfield code="d">20220314</subfield><subfield code="s">google</subfield><subfield code="u">mdp.39015011896837</subfield><subfield code="z">v.33 1959</subfield><subfield code="y">1959</subfield><subfield code="r">ic</subfield><subfield code="q">bib</subfield><subfield code="t">US serial item date &gt;= 1927</subfield></datafield><datafield tag="974" ind1=" " ind2=" "><subfield code="b">MIU</subfield><subfield code="c">MIU</subfield><subfield code="d">20220314</subfield><subfield code="s">google</subfield><subfield code="u">mdp.39015014281995</subfield><subfield code="z">v.37 1964</subfield><subfield code="y">1964</subfield><subfield code="r">ic</subfield><subfield code="q">bib</subfield><subfield code="t">US serial item date &gt;= 1927</subfield></datafield><datafield tag="974" ind1=" " ind2=" "><subfield code="b">MIU</subfield><subfield code="c">MIU</subfield><subfield code="d">20220314</subfield><subfield code="s">google</subfield><subfield code="u">mdp.39015035733065</subfield><subfield code="z">v.42 1971</subfield><subfield code="y">1971</subfield><subfield code="r">ic</subfield><subfield code="q">bib</subfield><subfield code="t">US serial item date &gt;= 1927</subfield></datafield><datafield tag="974" ind1=" " ind2=" "><subfield code="b">MIU</subfield><subfield code="c">MIU</subfield><subfield code="d">20220314</subfield><subfield code="s">google</subfield><subfield code="u">mdp.39015019983488</subfield><subfield code="z">v.44 1974</subfield><subfield code="y">1974</subfield><subfield code="r">ic</subfield><subfield code="q">bib</subfield><subfield code="t">US serial item date &gt;= 1927</subfield></datafield><datafield tag="974" ind1=" " ind2=" "><subfield code="b">MIU</subfield><subfield code="c">MIU</subfield><subfield code="d">20220314</subfield><subfield code="s">google</subfield><subfield code="u">mdp.39015029915702</subfield><subfield code="z">v.49 1978</subfield><subfield code="y">1978</subfield><subfield code="r">ic</subfield><subfield code="q">bib</subfield><subfield code="t">US serial item date &gt;= 1927</subfield></datafield><datafield tag="974" ind1=" " ind2=" "><subfield code="b">MIU</subfield><subfield code="c">MIU</subfield><subfield code="d">20220314</subfield><subfield code="s">google</subfield><subfield code="u">mdp.39015010309246</subfield><subfield code="z">v.50 1979</subfield><subfield code="y">1979</subfield><subfield code="r">ic</subfield><subfield code="q">bib</subfield><subfield code="t">US serial item date &gt;= 1927</subfield></datafield><datafield tag="974" ind1=" " ind2=" "><subfield code="b">MIU</subfield><subfield code="c">MIU</subfield><subfield code="d">20220314</subfield><subfield code="s">google</subfield><subfield code="u">mdp.39015041176614</subfield><subfield code="z">v.41 1970</subfield><subfield code="y">1970</subfield><subfield code="r">ic</subfield><subfield code="q">bib</subfield><subfield code="t">US serial item date &gt;= 1927</subfield></datafield><datafield tag="974" ind1=" " ind2=" "><subfield code="b">MIU</subfield><subfield code="c">MIU</subfield><subfield code="d">20220314</subfield><subfield code="s">google</subfield><subfield code="u">mdp.39015049768909</subfield><subfield code="z">v.2 1886</subfield><subfield code="y">1886</subfield><subfield code="r">pd</subfield><subfield code="q">bib</subfield><subfield code="t">US serial item date &lt; 1927</subfield></datafield><datafield tag="974" ind1=" " ind2=" "><subfield code="b">MIU</subfield><subfield code="c">MIU</subfield><subfield code="d">20220314</subfield><subfield code="s">google</subfield><subfield code="u">mdp.39015013140598</subfield><subfield code="z">v.7 1913</subfield><subfield code="y">1913</subfield><subfield code="r">pd</subfield><subfield code="q">bib</subfield><subfield code="t">US serial item date &lt; 1927</subfield></datafield><datafield tag="974" ind1=" " ind2=" "><subfield code="b">MIU</subfield><subfield code="c">MIU</subfield><subfield code="d">20220314</subfield><subfield code="s">google</subfield><subfield code="u">mdp.39015013140606</subfield><subfield code="z">v.8 1913-1919</subfield><subfield code="y">1919</subfield><subfield code="r">pd</subfield><subfield code="q">bib</subfield><subfield code="t">US serial item date &lt; 1927</subfield></datafield><datafield tag="974" ind1=" " ind2=" "><subfield code="b">MIU</subfield><subfield code="c">MIU</subfield><subfield code="d">20220322</subfield><subfield code="s">google</subfield><subfield code="u">mdp.39015014708856</subfield><subfield code="z">v.19 1938</subfield><subfield code="y">1938</subfield><subfield code="r">ic</subfield><subfield code="q">bib</subfield><subfield code="t">US serial item date &gt;= 1927</subfield></datafield><datafield tag="974" ind1=" " ind2=" "><subfield code="b">MIU</subfield><subfield code="c">MIU</subfield><subfield code="d">20220314</subfield><subfield code="s">google</subfield><subfield code="u">mdp.39015010797523</subfield><subfield code="z">v.23 1943-1945</subfield><subfield code="y">1945</subfield><subfield code="r">ic</subfield><subfield code="q">bib</subfield><subfield code="t">US serial item date &gt;= 1927</subfield></datafield><datafield tag="974" ind1=" " ind2=" "><subfield code="b">MIU</subfield><subfield code="c">MIU</subfield><subfield code="d">20220314</subfield><subfield code="s">google</subfield><subfield code="u">mdp.39015081510250</subfield><subfield code="z">v.84 2004</subfield><subfield code="y">2004</subfield><subfield code="r">ic</subfield><subfield code="q">bib</subfield><subfield code="t">US serial item date &gt;= 1927</subfield></datafield><datafield tag="974" ind1=" " ind2=" "><subfield code="b">MIU</subfield><subfield code="c">MIU</subfield><subfield code="d">20220314</subfield><subfield code="s">google</subfield><subfield code="u">mdp.39015059524580</subfield><subfield code="z">v.26-28 1951-1954</subfield><subfield code="y">1954</subfield><subfield code="r">ic</subfield><subfield code="q">bib</subfield><subfield code="t">US serial item date &gt;= 1927</subfield></datafield><datafield tag="974" ind1=" " ind2=" "><subfield code="b">MIU</subfield><subfield code="c">MIU</subfield><subfield code="d">20220314</subfield><subfield code="s">google</subfield><subfield code="u">mdp.39015059524598</subfield><subfield code="z">v.29 1956</subfield><subfield code="y">1956</subfield><subfield code="r">ic</subfield><subfield code="q">bib</subfield><subfield code="t">US serial item date &gt;= 1927</subfield></datafield><datafield tag="974" ind1=" " ind2=" "><subfield code="b">MIU</subfield><subfield code="c">MIU</subfield><subfield code="d">20220314</subfield><subfield code="s">google</subfield><subfield code="u">mdp.39015059524499</subfield><subfield code="z">v.31 1958</subfield><subfield code="y">1958</subfield><subfield code="r">ic</subfield><subfield code="q">bib</subfield><subfield code="t">US serial item date &gt;= 1927</subfield></datafield><datafield tag="974" ind1=" " ind2=" "><subfield code="b">MIU</subfield><subfield code="c">MIU</subfield><subfield code="d">20220314</subfield><subfield code="s">google</subfield><subfield code="u">mdp.39015059524648</subfield><subfield code="z">v.32 1958</subfield><subfield code="y">1958</subfield><subfield code="r">ic</subfield><subfield code="q">bib</subfield><subfield code="t">US serial item date &gt;= 1927</subfield></datafield><datafield tag="974" ind1=" " ind2=" "><subfield code="b">MIU</subfield><subfield code="c">MIU</subfield><subfield code="d">20220314</subfield><subfield code="s">google</subfield><subfield code="u">mdp.39015059524630</subfield><subfield code="z">v.34 1960</subfield><subfield code="y">1960</subfield><subfield code="r">ic</subfield><subfield code="q">bib</subfield><subfield code="t">US serial item date &gt;= 1927</subfield></datafield><datafield tag="974" ind1=" " ind2=" "><subfield code="b">MIU</subfield><subfield code="c">MIU</subfield><subfield code="d">20220314</subfield><subfield code="s">google</subfield><subfield code="u">mdp.39015059532203</subfield><subfield code="z">v.35 1961</subfield><subfield code="y">1961</subfield><subfield code="r">ic</subfield><subfield code="q">bib</subfield><subfield code="t">US serial item date &gt;= 1927</subfield></datafield><datafield tag="974" ind1=" " ind2=" "><subfield code="b">MIU</subfield><subfield code="c">MIU</subfield><subfield code="d">20220314</subfield><subfield code="s">google</subfield><subfield code="u">mdp.39015059532195</subfield><subfield code="z">v.36 1962</subfield><subfield code="y">1962</subfield><subfield code="r">ic</subfield><subfield code="q">bib</subfield><subfield code="t">US serial item date &gt;= 1927</subfield></datafield><datafield tag="974" ind1=" " ind2=" "><subfield code="b">MIU</subfield><subfield code="c">MIU</subfield><subfield code="d">20220314</subfield><subfield code="s">google</subfield><subfield code="u">mdp.39015059532179</subfield><subfield code="z">v.38 1965</subfield><subfield code="y">1965</subfield><subfield code="r">ic</subfield><subfield code="q">bib</subfield><subfield code="t">US serial item date &gt;= 1927</subfield></datafield><datafield tag="974" ind1=" " ind2=" "><subfield code="b">MIU</subfield><subfield code="c">MIU</subfield><subfield code="d">20220314</subfield><subfield code="s">google</subfield><subfield code="u">mdp.39015059532153</subfield><subfield code="z">v.39 1967</subfield><subfield code="y">1967</subfield><subfield code="r">ic</subfield><subfield code="q">bib</subfield><subfield code="t">US serial item date &gt;= 1927</subfield></datafield><datafield tag="974" ind1=" " ind2=" "><subfield code="b">MIU</subfield><subfield code="c">MIU</subfield><subfield code="d">20220314</subfield><subfield code="s">google</subfield><subfield code="u">mdp.39015059532161</subfield><subfield code="z">v.40 1969</subfield><subfield code="y">1969</subfield><subfield code="r">ic</subfield><subfield code="q">bib</subfield><subfield code="t">US serial item date &gt;= 1927</subfield></datafield><datafield tag="974" ind1=" " ind2=" "><subfield code="b">MIU</subfield><subfield code="c">MIU</subfield><subfield code="d">20220314</subfield><subfield code="s">google</subfield><subfield code="u">mdp.39015059532443</subfield><subfield code="z">v.43 1973</subfield><subfield code="y">1973</subfield><subfield code="r">ic</subfield><subfield code="q">bib</subfield><subfield code="t">US serial item date &gt;= 1927</subfield></datafield><datafield tag="974" ind1=" " ind2=" "><subfield code="b">MIU</subfield><subfield code="c">MIU</subfield><subfield code="d">20220314</subfield><subfield code="s">google</subfield><subfield code="u">mdp.39015059532435</subfield><subfield code="z">v.45 1974</subfield><subfield code="y">1974</subfield><subfield code="r">ic</subfield><subfield code="q">bib</subfield><subfield code="t">US serial item date &gt;= 1927</subfield></datafield><datafield tag="974" ind1=" " ind2=" "><subfield code="b">MIU</subfield><subfield code="c">MIU</subfield><subfield code="d">20220314</subfield><subfield code="s">google</subfield><subfield code="u">mdp.39015059532427</subfield><subfield code="z">v.46 1975</subfield><subfield code="y">1975</subfield><subfield code="r">ic</subfield><subfield code="q">bib</subfield><subfield code="t">US serial item date &gt;= 1927</subfield></datafield><datafield tag="974" ind1=" " ind2=" "><subfield code="b">MIU</subfield><subfield code="c">MIU</subfield><subfield code="d">20220314</subfield><subfield code="s">google</subfield><subfield code="u">mdp.39015059532419</subfield><subfield code="z">v.47 1975</subfield><subfield code="y">1975</subfield><subfield code="r">ic</subfield><subfield code="q">bib</subfield><subfield code="t">US serial item date &gt;= 1927</subfield></datafield><datafield tag="974" ind1=" " ind2=" "><subfield code="b">MIU</subfield><subfield code="c">MIU</subfield><subfield code="d">20220314</subfield><subfield code="s">google</subfield><subfield code="u">mdp.39015059532401</subfield><subfield code="z">v.48 1976</subfield><subfield code="y">1976</subfield><subfield code="r">ic</subfield><subfield code="q">bib</subfield><subfield code="t">US serial item date &gt;= 1927</subfield></datafield><datafield tag="974" ind1=" " ind2=" "><subfield code="b">MIU</subfield><subfield code="c">MIU</subfield><subfield code="d">20220314</subfield><subfield code="s">google</subfield><subfield code="u">mdp.39015069592387</subfield><subfield code="z">v.9 1919-1920</subfield><subfield code="y">1920</subfield><subfield code="r">pd</subfield><subfield code="q">bib</subfield><subfield code="t">US serial item date &lt; 1927</subfield></datafield><datafield tag="974" ind1=" " ind2=" "><subfield code="b">MIU</subfield><subfield code="c">MIU</subfield><subfield code="d">20220314</subfield><subfield code="s">google</subfield><subfield code="u">mdp.39015069592536</subfield><subfield code="z">v.12 1929</subfield><subfield code="y">1929</subfield><subfield code="r">ic</subfield><subfield code="q">bib</subfield><subfield code="t">US serial item date &gt;= 1927</subfield></datafield><datafield tag="974" ind1=" " ind2=" "><subfield code="b">MIU</subfield><subfield code="c">MIU</subfield><subfield code="d">20220314</subfield><subfield code="s">google</subfield><subfield code="u">mdp.39015069592684</subfield><subfield code="z">v.13 1929-1930</subfield><subfield code="y">1930</subfield><subfield code="r">ic</subfield><subfield code="q">bib</subfield><subfield code="t">US serial item date &gt;= 1927</subfield></datafield><datafield tag="974" ind1=" " ind2=" "><subfield code="b">MIU</subfield><subfield code="c">MIU</subfield><subfield code="d">20220314</subfield><subfield code="s">google</subfield><subfield code="u">mdp.39015069592379</subfield><subfield code="z">v.14 1929-1931</subfield><subfield code="y">1931</subfield><subfield code="r">ic</subfield><subfield code="q">bib</subfield><subfield code="t">US serial item date &gt;= 1927</subfield></datafield><datafield tag="974" ind1=" " ind2=" "><subfield code="b">MIU</subfield><subfield code="c">MIU</subfield><subfield code="d">20220314</subfield><subfield code="s">google</subfield><subfield code="u">mdp.39015069592528</subfield><subfield code="z">v.15 1931-1932</subfield><subfield code="y">1932</subfield><subfield code="r">ic</subfield><subfield code="q">bib</subfield><subfield code="t">US serial item date &gt;= 1927</subfield></datafield><datafield tag="974" ind1=" " ind2=" "><subfield code="b">MIU</subfield><subfield code="c">MIU</subfield><subfield code="d">20220314</subfield><subfield code="s">google</subfield><subfield code="u">mdp.39015069592676</subfield><subfield code="z">v.16 1933-1934</subfield><subfield code="y">1934</subfield><subfield code="r">ic</subfield><subfield code="q">bib</subfield><subfield code="t">US serial item date &gt;= 1927</subfield></datafield><datafield tag="974" ind1=" " ind2=" "><subfield code="b">MIU</subfield><subfield code="c">MIU</subfield><subfield code="d">20220314</subfield><subfield code="s">google</subfield><subfield code="u">mdp.39015069592668</subfield><subfield code="z">v.17 1935-1936</subfield><subfield code="y">1936</subfield><subfield code="r">ic</subfield><subfield code="q">bib</subfield><subfield code="t">US serial item date &gt;= 1927</subfield></datafield><datafield tag="974" ind1=" " ind2=" "><subfield code="b">MIU</subfield><subfield code="c">MIU</subfield><subfield code="d">20220314</subfield><subfield code="s">google</subfield><subfield code="u">mdp.39015069592510</subfield><subfield code="z">v.18 1936-1937</subfield><subfield code="y">1937</subfield><subfield code="r">ic</subfield><subfield code="q">bib</subfield><subfield code="t">US serial item date &gt;= 1927</subfield></datafield><datafield tag="974" ind1=" " ind2=" "><subfield code="b">MIU</subfield><subfield code="c">MIU</subfield><subfield code="d">20220323</subfield><subfield code="s">google</subfield><subfield code="u">mdp.39015069592361</subfield><subfield code="z">v.20 1939</subfield><subfield code="y">1939</subfield><subfield code="r">ic</subfield><subfield code="q">bib</subfield><subfield code="t">US serial item date &gt;= 1927</subfield></datafield><datafield tag="974" ind1=" " ind2=" "><subfield code="b">MIU</subfield><subfield code="c">MIU</subfield><subfield code="d">20220314</subfield><subfield code="s">google</subfield><subfield code="u">mdp.39015069592353</subfield><subfield code="z">v.21 1939-1940</subfield><subfield code="y">1940</subfield><subfield code="r">ic</subfield><subfield code="q">bib</subfield><subfield code="t">US serial item date &gt;= 1927</subfield></datafield><datafield tag="974" ind1=" " ind2=" "><subfield code="b">MIU</subfield><subfield code="c">MIU</subfield><subfield code="d">20220314</subfield><subfield code="s">google</subfield><subfield code="u">mdp.39015069592502</subfield><subfield code="z">v.24 1945-1947</subfield><subfield code="y">1947</subfield><subfield code="r">ic</subfield><subfield code="q">bib</subfield><subfield code="t">US serial item date &gt;= 1927</subfield></datafield><datafield tag="974" ind1=" " ind2=" "><subfield code="b">MIU</subfield><subfield code="c">MIU</subfield><subfield code="d">20220212</subfield><subfield code="s">google</subfield><subfield code="u">mdp.39015069592650</subfield><subfield code="z">v.28 1954</subfield><subfield code="y">1954</subfield><subfield code="r">ic</subfield><subfield code="q">bib</subfield><subfield code="t">US serial item date &gt;= 1927</subfield></datafield><datafield tag="974" ind1=" " ind2=" "><subfield code="b">MIU</subfield><subfield code="c">MIU</subfield><subfield code="d">20220314</subfield><subfield code="s">google</subfield><subfield code="u">mdp.39015078453043</subfield><subfield code="z">v.54 1983</subfield><subfield code="y">1983</subfield><subfield code="r">ic</subfield><subfield code="q">bib</subfield><subfield code="t">US serial item date &gt;= 1927</subfield></datafield><datafield tag="974" ind1=" " ind2=" "><subfield code="b">MIU</subfield><subfield code="c">MIU</subfield><subfield code="d">20220314</subfield><subfield code="s">google</subfield><subfield code="u">mdp.39015081509914</subfield><subfield code="z">v.55 1985</subfield><subfield code="y">1985</subfield><subfield code="r">ic</subfield><subfield code="q">bib</subfield><subfield code="t">US serial item date &gt;= 1927</subfield></datafield><datafield tag="974" ind1=" " ind2=" "><subfield code="b">MIU</subfield><subfield code="c">MIU</subfield><subfield code="d">20220314</subfield><subfield code="s">google</subfield><subfield code="u">mdp.39015081510052</subfield><subfield code="z">v.57 1987</subfield><subfield code="y">1987</subfield><subfield code="r">ic</subfield><subfield code="q">bib</subfield><subfield code="t">US serial item date &gt;= 1927</subfield></datafield><datafield tag="974" ind1=" " ind2=" "><subfield code="b">MIU</subfield><subfield code="c">MIU</subfield><subfield code="d">20220314</subfield><subfield code="s">google</subfield><subfield code="u">mdp.39015081510193</subfield><subfield code="z">v.58 1989</subfield><subfield code="y">1989</subfield><subfield code="r">ic</subfield><subfield code="q">bib</subfield><subfield code="t">US serial item date &gt;= 1927</subfield></datafield><datafield tag="974" ind1=" " ind2=" "><subfield code="b">MIU</subfield><subfield code="c">MIU</subfield><subfield code="d">20220314</subfield><subfield code="s">google</subfield><subfield code="u">mdp.39015081510201</subfield><subfield code="z">v.59 1990</subfield><subfield code="y">1990</subfield><subfield code="r">ic</subfield><subfield code="q">bib</subfield><subfield code="t">US serial item date &gt;= 1927</subfield></datafield><datafield tag="974" ind1=" " ind2=" "><subfield code="b">MIU</subfield><subfield code="c">MIU</subfield><subfield code="d">20220314</subfield><subfield code="s">google</subfield><subfield code="u">mdp.39015081510219</subfield><subfield code="z">v.62 1993</subfield><subfield code="y">1993</subfield><subfield code="r">ic</subfield><subfield code="q">bib</subfield><subfield code="t">US serial item date &gt;= 1927</subfield></datafield><datafield tag="974" ind1=" " ind2=" "><subfield code="b">MIU</subfield><subfield code="c">MIU</subfield><subfield code="d">20220314</subfield><subfield code="s">google</subfield><subfield code="u">mdp.39015081510060</subfield><subfield code="z">v.66 1995</subfield><subfield code="y">1995</subfield><subfield code="r">ic</subfield><subfield code="q">bib</subfield><subfield code="t">US serial item date &gt;= 1927</subfield></datafield><datafield tag="974" ind1=" " ind2=" "><subfield code="b">MIU</subfield><subfield code="c">MIU</subfield><subfield code="d">20220314</subfield><subfield code="s">google</subfield><subfield code="u">mdp.39015081509906</subfield><subfield code="z">v.67 1995</subfield><subfield code="y">1995</subfield><subfield code="r">ic</subfield><subfield code="q">bib</subfield><subfield code="t">US serial item date &gt;= 1927</subfield></datafield><datafield tag="974" ind1=" " ind2=" "><subfield code="b">MIU</subfield><subfield code="c">MIU</subfield><subfield code="d">20220314</subfield><subfield code="s">google</subfield><subfield code="u">mdp.39015081509898</subfield><subfield code="z">v.68 1995</subfield><subfield code="y">1995</subfield><subfield code="r">ic</subfield><subfield code="q">bib</subfield><subfield code="t">US serial item date &gt;= 1927</subfield></datafield><datafield tag="974" ind1=" " ind2=" "><subfield code="b">MIU</subfield><subfield code="c">MIU</subfield><subfield code="d">20220314</subfield><subfield code="s">google</subfield><subfield code="u">mdp.39015081510045</subfield><subfield code="z">v.70 1996</subfield><subfield code="y">1996</subfield><subfield code="r">ic</subfield><subfield code="q">bib</subfield><subfield code="t">US serial item date &gt;= 1927</subfield></datafield><datafield tag="974" ind1=" " ind2=" "><subfield code="b">MIU</subfield><subfield code="c">MIU</subfield><subfield code="d">20220314</subfield><subfield code="s">google</subfield><subfield code="u">mdp.39015081509922</subfield><subfield code="z">v.74 1998</subfield><subfield code="y">1998</subfield><subfield code="r">ic</subfield><subfield code="q">bib</subfield><subfield code="t">US serial item date &gt;= 1927</subfield></datafield><datafield tag="974" ind1=" " ind2=" "><subfield code="b">MIU</subfield><subfield code="c">MIU</subfield><subfield code="d">20220314</subfield><subfield code="s">google</subfield><subfield code="u">mdp.39015081510227</subfield><subfield code="z">v.75 1998</subfield><subfield code="y">1998</subfield><subfield code="r">ic</subfield><subfield code="q">bib</subfield><subfield code="t">US serial item date &gt;= 1927</subfield></datafield><datafield tag="974" ind1=" " ind2=" "><subfield code="b">MIU</subfield><subfield code="c">MIU</subfield><subfield code="d">20220314</subfield><subfield code="s">google</subfield><subfield code="u">mdp.39015081510078</subfield><subfield code="z">v.76 1999</subfield><subfield code="y">1999</subfield><subfield code="r">ic</subfield><subfield code="q">bib</subfield><subfield code="t">US serial item date &gt;= 1927</subfield></datafield><datafield tag="974" ind1=" " ind2=" "><subfield code="b">MIU</subfield><subfield code="c">MIU</subfield><subfield code="d">20220314</subfield><subfield code="s">google</subfield><subfield code="u">mdp.39015081510086</subfield><subfield code="z">v.77 1999</subfield><subfield code="y">1999</subfield><subfield code="r">ic</subfield><subfield code="q">bib</subfield><subfield code="t">US serial item date &gt;= 1927</subfield></datafield><datafield tag="974" ind1=" " ind2=" "><subfield code="b">MIU</subfield><subfield code="c">MIU</subfield><subfield code="d">20220314</subfield><subfield code="s">google</subfield><subfield code="u">mdp.39015081509930</subfield><subfield code="z">v.78 2000</subfield><subfield code="y">2000</subfield><subfield code="r">ic</subfield><subfield code="q">bib</subfield><subfield code="t">US serial item date &gt;= 1927</subfield></datafield><datafield tag="974" ind1=" " ind2=" "><subfield code="b">MIU</subfield><subfield code="c">MIU</subfield><subfield code="d">20220314</subfield><subfield code="s">google</subfield><subfield code="u">mdp.39015081510235</subfield><subfield code="z">v.79 2001</subfield><subfield code="y">2001</subfield><subfield code="r">ic</subfield><subfield code="q">bib</subfield><subfield code="t">US serial item date &gt;= 1927</subfield></datafield><datafield tag="974" ind1=" " ind2=" "><subfield code="b">MIU</subfield><subfield code="c">MIU</subfield><subfield code="d">20220314</subfield><subfield code="s">google</subfield><subfield code="u">mdp.39015081510094</subfield><subfield code="z">v.80 2001</subfield><subfield code="y">2001</subfield><subfield code="r">ic</subfield><subfield code="q">bib</subfield><subfield code="t">US serial item date &gt;= 1927</subfield></datafield><datafield tag="974" ind1=" " ind2=" "><subfield code="b">MIU</subfield><subfield code="c">MIU</subfield><subfield code="d">20220314</subfield><subfield code="s">google</subfield><subfield code="u">mdp.39015081509948</subfield><subfield code="z">v.81 2002</subfield><subfield code="y">2002</subfield><subfield code="r">ic</subfield><subfield code="q">bib</subfield><subfield code="t">US serial item date &gt;= 1927</subfield></datafield><datafield tag="974" ind1=" " ind2=" "><subfield code="b">MIU</subfield><subfield code="c">MIU</subfield><subfield code="d">20220314</subfield><subfield code="s">google</subfield><subfield code="u">mdp.39015081510243</subfield><subfield code="z">v.82 2003</subfield><subfield code="y">2003</subfield><subfield code="r">ic</subfield><subfield code="q">bib</subfield><subfield code="t">US serial item date &gt;= 1927</subfield></datafield><datafield tag="974" ind1=" " ind2=" "><subfield code="b">MIU</subfield><subfield code="c">MIU</subfield><subfield code="d">20220314</subfield><subfield code="s">google</subfield><subfield code="u">mdp.39015081510102</subfield><subfield code="z">v.83 2003</subfield><subfield code="y">2003</subfield><subfield code="r">ic</subfield><subfield code="q">bib</subfield><subfield code="t">US serial item date &gt;= 1927</subfield></datafield><datafield tag="974" ind1=" " ind2=" "><subfield code="b">UIU</subfield><subfield code="c">UIUC</subfield><subfield code="d">20190330</subfield><subfield code="s">google</subfield><subfield code="u">uiug.30112013522633</subfield><subfield code="z">v.52(1980)</subfield><subfield code="y">1980</subfield><subfield code="r">ic</subfield><subfield code="q">bib</subfield><subfield code="t">US serial item date &gt;= 1927</subfield></datafield></record>